<?xml version="1.0" encoding="UTF-8"?><collection xmlns="http://www.loc.gov/MARC21/slim"><record><leader>00542nam--2200193-u-4500</leader><controlfield tag="001">000053969</controlfield><controlfield tag="002">20161230</controlfield><controlfield tag="005">20161230201051</controlfield><controlfield tag="008">110727s1000------------r-----000-0-rus-d</controlfield><datafield ind1=" " ind2=" " tag="040"><subfield code="a">IFIN-HH</subfield></datafield><datafield ind1=" " ind2=" " tag="041"><subfield code="a">rus</subfield></datafield><datafield ind1=" " ind2=" " tag="080"><subfield code="a">537.633.2:537.222.22</subfield></datafield><datafield ind1="1" ind2=" " tag="100"><subfield code="a">Putiato, I.V</subfield></datafield><datafield ind1="1" ind2="0" tag="245"><subfield code="a">Effekt holla v poluprovodnikah na sverhisokih ceastotah</subfield><subfield code="c">I.v. putiato, s.suhanov, s.v. iakovlev</subfield></datafield><datafield ind1=" " ind2=" " tag="260"><subfield code="a">Ashabod</subfield><subfield code="b">Ilim</subfield><subfield code="c">1983</subfield></datafield><datafield ind1=" " ind2=" " tag="300"><subfield code="a">101P</subfield></datafield><datafield ind1="1" ind2=" " tag="700"><subfield code="a">Suhanov, S</subfield><subfield code="d">Iakovlev, S.V</subfield></datafield><datafield ind1=" " ind2=" " tag="852"><subfield code="a">71014</subfield><subfield code="c">537.311.33</subfield></datafield><datafield ind1=" " ind2=" " tag="CAT"><subfield code="a">Sys</subfield><subfield code="c">20110727</subfield><subfield code="h">124453</subfield></datafield></record></collection>